%================================BACKGROUND==========================================================


%%==========Approaches to teaching oop===========

@inproceedings{empiricalOOP,
 author = {Ehlert, Albrecht and Schulte, Carsten},
 title = {Empirical Comparison of Objects-first and Objects-later},
 booktitle = {Proceedings of the Fifth International Workshop on Computing Education Research Workshop},
 series = {ICER '09},
 year = {2009},
 isbn = {978-1-60558-615-1},
 location = {Berkeley, CA, USA},
 pages = {15--26},
 numpages = {12},
 url = {http://doi.acm.org/10.1145/1584322.1584326},
 doi = {10.1145/1584322.1584326},
 acmid = {1584326},
 publisher = {ACM},
 address = {New York, NY, USA},
 keywords = {CS0, CS1, computing education research, empirical study, high school, objects-first, objects-later},
} 


@inproceedings{ehlert2007learners,
  title={Learners Views on Objects-First and Objects-Later-Results of an Exploratory Study},
  author={Ehlert, Albrecht}
}

@inproceedings{programmingInContext,
 author = {Bennedsen, Jens and Caspersen, Michael E.},
 title = {Programming in Context: A Model-first Approach to CS1},
 booktitle = {Proceedings of the 35th SIGCSE Technical Symposium on Computer Science Education},
 series = {SIGCSE '04},
 year = {2004},
 isbn = {1-58113-798-2},
 location = {Norfolk, Virginia, USA},
 pages = {477--481},
 numpages = {5},
 url = {http://doi.acm.org/10.1145/971300.971461},
 doi = {10.1145/971300.971461},
 acmid = {971461},
 publisher = {ACM},
 address = {New York, NY, USA},
 keywords = {CS1, UML, conceptual modelling, design, objects-first, pedagogy, programming education, systematic programming},
} 

%shows there is someissues with students not understanding methodologies just trying to learn language
@inproceedings{methodologyFirst,
     author = {Zhu, Haibin and Zhou, MengChu},
     title = {Methodology First and Language Second: A Way to Teach Object-oriented Programming},
     booktitle = {Companion of the 18th Annual ACM SIGPLAN Conference on Object-oriented Programming, Systems, Languages, and Applications},
     series = {OOPSLA '03},
     year = {2003},
     isbn = {1-58113-751-6},
     location = {Anaheim, CA, USA},
     pages = {140--147},
     numpages = {8},
     url = {http://doi.acm.org/10.1145/949344.949389},
     doi = {10.1145/949344.949389},
     acmid = {949389},
     publisher = {ACM},
     address = {New York, NY, USA},
     keywords = {C++, object-oriented programming, teaching methodology},
} 

%methodology first, language second. Conceptual game learning. 
@INPROCEEDINGS{5070749,
author={Lu Yan},
booktitle={Information Technology: New Generations, 2009. ITNG '09. Sixth International Conference on},
title={Teaching Object-Oriented Programming with Games},
year={2009},
month={April},
pages={969-974},
keywords={computer aided instruction;computer games;computer science education;object-oriented programming;CS curriculum;IT curriculum;computer game;object-oriented programming;Computer networks;Computer science;Education;Game theory;Information technology;Java;Mathematical programming;Object oriented programming;Problem-solving;Programming profession;bluej;game;greenfoot;object-oriented;programming},
doi={10.1109/ITNG.2009.13},}



@inproceedings{blowingThingsUp,
  title={Motivating OOP by blowing things up: an exercise in cooperation and competition in an introductory java programming course},
  author={Bierre, Kevin and Ventura, Phil and Phelps, Andrew and Egert, Christopher},
  booktitle={ACM SIGCSE Bulletin},
  volume={38},
  number={1},
  pages={354--358},
  year={2006},
  organization={ACM}
}

@incollection{toolsAndCollections,
year={2002},
isbn={978-3-540-00233-8},
booktitle={Object-Oriented Technology ECOOP 2002 Workshop Reader},
volume={2548},
series={Lecture Notes in Computer Science},
editor={Hernández, Juan and Moreira, Ana},
doi={10.1007/3-540-36208-8_3},
title={Tools and Environments for Learning Object-Oriented Concepts},
url={http://dx.doi.org/10.1007/3-540-36208-8_3},
publisher={Springer Berlin Heidelberg},
author={Michiels, Isabel and Börstler, Jürgen and Bruce, KimB.},
pages={30-43},
language={English}
}


%%=========Difficulties in learning concepts==================================


%oop first vs oop later - perceived difficulty level
@inproceedings{compOOPComfort,
 author = {Ehlert, Albrecht and Schulte, Carsten},
 title = {Comparison of OOP First and OOP Later: First Results Regarding the Role of Comfort Level},
 booktitle = {Proceedings of the Fifteenth Annual Conference on Innovation and Technology in Computer Science Education},
 series = {ITiCSE '10},
 year = {2010},
 isbn = {978-1-60558-820-9},
 location = {Bilkent, Ankara, Turkey},
 pages = {108--112},
 numpages = {5},
 url = {http://doi.acm.org/10.1145/1822090.1822122},
 doi = {10.1145/1822090.1822122},
 acmid = {1822122},
 publisher = {ACM},
 address = {New York, NY, USA},
 keywords = {CS ED research, comfort level, emotional climate, empirical study, objects first, objects later, pedagogy},
} 



%students and ltsn rate inheritance as medium difficulty concept
@article{dilatp,
    year={2002},
    issn={1360-2357},
    journal={Education and Information Technologies},
    volume={7},
    number={1},
    doi={10.1023/A:1015362608943},
    title={Difficulties in Learning and Teaching Programming—Views of Students and Tutors},
    url={http://dx.doi.org/10.1023/A%3A1015362608943},
    publisher={Kluwer Academic Publishers},
    keywords={object-orientation; programming; novices; programming difficulties; software visualization},
    author={Milne, Iain and Rowe, Glenn},
    pages={55-66},
    language={English}
}


%highlights lack of research into the area of cognitive research into education of oop. Points out a number of areas on which we need to work
@article{sajaniemi2008procedures,
  title={From procedures to objects: A research agenda for the psychology of object-oriented programming education},
  author={Sajaniemi, Jorma and Kuittinen, Marja},
  year={2008},
  publisher={University of Jyv{\"a}skyl{\"a}, Agora Center}
}
%talks about difficulties learning inheritance and polymorphism specifically. Discusses analogies between inheritance and real world examples of inheritance. Specifically points out that this can become the start of misconceptions for students. Study questionaires specifically showed that students performed well with two tierred inheritance but issues with n tier.
@article{diffInheritancePolymorphism,
 author = {Liberman, Neomi and Beeri, Catriel and Ben-David Kolikant, Yifat},
 title = {Difficulties in Learning Inheritance and Polymorphism},
 journal = {Trans. Comput. Educ.},
 issue_date = {February 2011},
 volume = {11},
 number = {1},
 month = feb,
 year = {2011},
 issn = {1946-6226},
 pages = {4:1--4:23},
 articleno = {4},
 numpages = {23},
 url = {http://doi.acm.org/1921607.1921611},
 doi = {1921607.1921611},
 acmid = {1921611},
 publisher = {ACM},
 address = {New York, NY, USA},
 keywords = {Programming model, analogies, in-service teachers, misconceptions},
} 

%partonomy(has a ) vs taxonomy (is a)
@article{partonomyAndTaxonomy,
 author = {Teif, Mariana and Hazzan, Orit},
 title = {Partonomy and Taxonomy in Object-oriented Thinking: Junior High School Students' Perceptions of Object-oriented Basic Concepts},
 journal = {SIGCSE Bull.},
 issue_date = {December 2006},
 volume = {38},
 number = {4},
 month = jun,
 year = {2006},
 issn = {0097-8418},
 pages = {55--60},
 numpages = {6},
 url = {http://doi.acm.org/10.1145/1189136.1189170},
 doi = {10.1145/1189136.1189170},
 acmid = {1189170},
 publisher = {ACM},
 address = {New York, NY, USA},
 keywords = {junior high school students' perceptions, object-oriented programming, partonomy, taxonomy},
} 



%gamified inheritance learning specific to java.
@INPROCEEDINGS{6632635,
author={Jinghua Zhang and Caldwell, E.R. and Smith, E.},
booktitle={Computer Games: AI, Animation, Mobile, Interactive Multimedia, Educational Serious Games (CGAMES), 2013 18th International Conference on},
title={Learning the concept of Java inheritance in a game},
year={2013},
month={July},
pages={212-216},
keywords={Java;computer aided instruction;inheritance;object-oriented programming;CSC1311 computer programming II;Java Ninja;Java inheritance;OOP;Winston-Salem State University;game-like module;learning;object-oriented programming;Computers;Games;Java;Logic gates;Programming profession;Computer programming;Game-like module;Inheritance;OOP},
doi={10.1109/CGames.2013.6632635},}

%many faces of taxonomy. Model taxonomy(is a)
@article{taxonomyTaxonomy,
author = {Bertrand Meyer},
title = {The many faces of inheritance: A taxonomy of taxonomy},
journal ={Computer},
volume = {29},
number = {5},
issn = {0018-9162},
year = {1996},
pages = {105-108},
doi = {http://doi.ieeecomputersociety.org/10.1109/2.494093},
publisher = {IEEE Computer Society},
address = {Los Alamitos, CA, USA},
}
% example of introduction of oop in highschool
@Misc{sqa,
author = {SQA},
title = {Software and Development(Advanced Higher) Unit},
url = {http://www.sqa.org.uk/files/nu/AHUnitSoftwareDesignDevelopment.pdf},
year = {2013},
}
% example of university oop course
@Misc{glasgowOOP,
author = {University of Glasgow},
title = {Computing Science 2P: Java and Object-Oriented Software Engineering 2},
url = {http://www.gla.ac.uk/coursecatalogue/course/?code=COMPSCI2020}
}

@Misc{oxfordOOP,
author = {University of Oxford},
title = {Object Oriented Programming},
url = {http://www.cs.ox.ac.uk/softeng/subjects/OOP.html},
}

@Misc{kentOOP,
author = {University of Kent},
title = {Object Oriented Programming},
url = {http://www.kent.ac.uk/courses/modulecatalogue/modules/CO881},
}
%================================DESIGN==============================================================

@Misc{paletton,
title = {{Paletton: The Color Scheme Designer}},
howpublished = {http://paletton.com},
}

% ====================================================================================================
% @Misc{JChoco,
% title = {{CHOCO Solver}},
% howpublished = {http://www.emn.fr/x-info/choco-solver/}
% }

% @Misc{DIMACS,
% title = {{DIMACS clique benchmark instances}},
% howpublished = {ftp://dimacs.rutgers.edu/pub/challenge/graph/benchmarks/clique}
% }

% @article{bollobasErdos,
%   author    = {B. Bollob\'{a}s and P. Erd\"{o}s},
%   title     = {{Cliques in random graphs}},
%   journal   = {Mathematical Proceedings of the Cambridge Philosophical Society},
%   year      = {1976},
%   volume    = {80},
%   pages     = {419-427}
% }

% @Misc{matula,
% author = {David W. Matula},
% title = {{The Largest Clique Size in a Random Graph}},
% howpublished = {Technical Report CS 7608, Department of Computer Science, Southern Methodist University, Dallas, Texas 75275},
% pages = {1-23},
% year = 1976
% }

% @article{Haralick80,
%   author    = {Haralick, R. M. and Elliot, G. L.},
%   title     = {{Increasing tree search efficiency for constraint
%       satisfaction problems}},
%   journal   = {Artificial Intelligence},
%   year      = {1980},
%   volume    = {14},
%   pages     = {263--314}
% }

% @inproceedings{fahle,
%     author = {Torsten Fahle},
%     title = {{Simple and Fast: Improving a Branch-and-Bound Algorithm for Maximum Clique}},
%     booktitle = {Proceedings {ESA 2002}, LNCS 2461},
%     pages = {485-498},
%     year = 2002
% }

% @inproceedings{regin2003,
%     author = {Jean-Charles R\'{e}gin},
%     title = {{Using Constraint Programming to Solve the Maximum Clique Problem}},
%     booktitle = {Proceedings {CP 2003}, LNCS 2833},
%     pages = {634-648},
%     year = 2003
% }

% @article{brelaz,
% author = "Daniel Br\'{e}laz",
% title = {{New Methods to Color the Vertices of a Graph}},
% journal = "Communications of the ACM",
% volume = 22,
% number = 4,
% pages = {251-256}, 
% year = 1979} 

% @article{welshPowell,
% author = "D.J.A. Welsh and M.B. Powell",
% title = {{An upper bound for the chromatic number of a graph and its application to timetabling problems}},
% journal = "The Computer Journal",
% volume = 10,
% number = 1,
% pages = {85-86}, 
% year = 1967} 

% @article{matulaBeck,
% author = "David W. Matula and Lelan L. Beck",
% title = {{Smallest-Last Ordering and Clustering and Graph Coloring Algorithms}},
% journal ="Journal of the Association for Computing Machinery",
% volume = 30,
% number = 3,
% pages = {417-427}, 
% year = 1983} 

% @article{freuder,
% author = "Eugene C. Freuder",
% title = {{A Sufficient Condition for Backtrack-Free Search}},
% journal ="Journal of the Association for Computing Machinery",
% volume = 29,
% number = 1,
% pages = {24-32}, 
% year = 1982} 

% @article{wood97,
% author = "David R. Wood",
% title = {{An algorithm for finding a maximum clique in a graph}},
% journal = "Operations Research Letters",
% volume = 21,
% pages = {211-217}, 
% year = 1997} 

% @article{carraghanPardalos90,
% author = "Randy Carraghan and Panos M. Pardalos",
% title = {{An exact algorithm for the maximum clique problem}},
% journal = "Operations Research Letters",
% volume = 9,
% pages = {375-382}, 
% year = 1990} 

% @article{pardalosRodgers92,
% author = "Panos M. Pardalos and Gregory P. Rodgers",
% title = {{A Branch and Bound Algorithm for the Maximum Clique Problem}},
% journal = "Computers and Operations Research",
% volume = 19,
% pages = {363-375}, 
% year = 1992} 

% @inproceedings{geelen,
%     author = {P. A. Geelen},
%     title = {{Dual viewpoint heuristics for binary constraint satisfaction problems}},
%     booktitle = {Proceedings {ECAI'92}},
%     year = 1992
% }

% @book{gareyJohnson,
% author = {M.R. Garey and D.S. Johnson},
% title = {Computers and Intractability},
% publisher = {W.H. Freeman and Co},
% year = 1979}

% @book{nilsson,
% author = {Nils J. Nilsson},
% title = {Principles of Artificial Intelligence},
% publisher = {Springer-Verlag},
% year = 1982}

% @inproceedings{ckt, 
%   author = {Peter Cheeseman and Bob Kanefsky and William M. Taylor},  
%   year = 1991,
%   title = {{Where the really hard problems are}},
%   pages = "331-337",
%   booktitle = {Proceedings {IJCAI'91}}
% }

% @inproceedings{kappa, 
%   author = {Ian P. Gent and Ewan MacIntyre and Patrick Prosser and Toby Walsh},  
%   year = 1996,
%   title = {{The constrainednss of search}},
%   pages = "246-252",
%   booktitle = {Proceedings {AAAI'96}}
% }


% @article{am97,
% author = "Brian Hayes",
% title = "Can't get no satisfaction",
% journal = "American Scientist",
% volume = 85,
% pages = "108-112", 
% year = 1997}

% @article{vardi,
%   author    = {C. Coarfa and D.D. Demopoulos and A.S.M. Aguirre and D. Subramanian and M.Y. Vardi},
%   title     = {{Random 3-SAT: The Plot Thickens}},
%   journal   = {Constraints},
%   year      = {2003},
%   volume    = {8},
%   pages     = {243--261}
% }


% @article{physicaA,
%   author    = {K.A. Zweig and G Palla and T. Vicsek},
%   title     = {{What makes a phase transition? Analysis of the random satisfiability problem}},
%   journal   = {Physica A},
%   year      = {2010},
%   volume    = {389},
%   pages     = {1501-1511}
% }

% @conference{San09,
% author = "Peter Sanders",
% booktitle = "Efficient Algorithms",
% pages = "321--340",
% publisher = "Springer",
% series = "Lecture Notes in Computer Science",
% title = "{A}lgorithm {E}ngineering -- {A}n {A}ttempt at a {D}efinition",
% url = "http://algo2.iti.kit.edu/1577.php",
% volume = "5760",
% year = "2009",
% }

% @article{maxClique,
%   author    = {Panos M. Pardalos and Jue Xue},
%   title     = {{The Maximum Clique Problem}},
%   journal   = {Journal of Global Optimization},
%   year      = {1994},
%   volume    = {4},
%   pages     = {301-324}
% }

% @article{heuristics,
%   author    = {Bahram Alidaee and Gary Kochenberger and Haibo Wang},
%   title     = {{Simple and fast surrogate constraint heuristics for maximum independent set problem}},
%   journal   = {Journal of Heuristics},
%   year      = {2008},
%   volume    = {14},
%   pages     = {571-585}
% }

% @book{algDesign,
%   author    = {Steven S. Skiena},
%   title     = {{The Algorithm Design Manual}},
%   publisher = {Springer},
%   year      = {2008}
% }

% @inproceedings{cp10wshop, 
%   author = {Patrick Prosser},  
%   year = 2010,
%   title = {{Triangle Packing with Constraint Programming}},
%   pages = "1-15",
%   booktitle = {{9th International Workshop on Constraint Modelling and Reformulation (ModRef 2010)}}}
% }

% @article{segundo2011,
%   author    = {Pablo San Segundo and Diego Rodr\'{i}guez-Losada and August\'{i}n Jim\'{e}nez},
%   title     = {{An exact bit-parallel algorithm for the maximum clique problem}},
%   journal   = {Computers and Operations Research},
%   year      = {2011},
%   volume    = {38},
%   pages     = {571-581}
% }

% @article{segundo2011b,
%   author    = {Pablo San Segundo and Fernando Matia and Diego Rodr\'{i}guez-Losada and Miguel Hernando},
%   title     = {{An improved bit parallel exact maximum clique algorithm}},
%   journal   = {Optimization Letters},
%   year      = {2011}
% }

% @inproceedings{cp96, 
%   author = {Ian P. Gent and Ewan MacIntyre and Patrick Prosser and Barbara M. Smith and Toby Walsh},  
%   year = 1996,
%   title = {{An Empirical Study of Dynamic Variable Ordering Heuristics for the Constraint satisfaction Problem}},
%   pages = "179-193",
%   booktitle = {Proceedings {CP 1996}}
% }

% @article{golomb65,
%   author    = {Solomon W. Golomb and
%               Leonard D. Baumert},
%   title     = {Backtrack Programming},
%   journal   = {J. ACM},
%   volume    = {12},
%   number    = {4},
%   year      = {1965},
%   pages     = {516-524}
% }

% @article{bk73,
% author = {Coen Bron and Joep Kerbosch},
% title = {Algorithm 457: Finding All Cliques of an Undirected Graph [H]},
% journal = "Communications of the ACM",
% volume = 16,
% number = 9,
% pages = "575-579", 
% year = 1973}

% @article{prjo2002,
% author = {Patric R. J. \"{O}sterg\aa{}rd},
% title = {A fast algorithm for the maximum clique problem},
% journal = "Discrete Applied Mathematics",
% volume = 120,
% pages = "197-207", 
% year = 2002}

% @inproceedings{tomita2010,
% author = {E. Tomita and Y. Sutani and T. Higashi and S. Takahashi and M. Wakatsuki},
% title = {A Simple and Faster Branch-and-Bound Algorithm for Finding Maximum Clique},
% booktitle = {WALCOM 2010, LNCS 5942},
% pages = "191-203", 
% year = 2010}

% @article{tomita2007,
% author = {E. Tomita and Toshikatsu Kameda},
% title = {An efficient branch-and-bound algorithm for finding a maximum clique and computational experiments},
% journal = {Journal of Global Optimization},
% volume = 37,
% pages = "95-111",
% year = 2007}

% @article{tomita2006,
% author = {Etsuji Tomita and Akira Tanaka and Haruhisa Takahashi},
% title = {The worst-case time complexity for generating all maximal cliques and computational experiments},
% journal = {Theoretical Computer Science},
% volume = 363,
% pages = "28-42",
% year = 2006}

% @article{ci1993,
%   author    = {Patrick Prosser},
%   title     = {Hybrid Algorithms for the Constraint Satisfaction Problem},
%   journal   = {Computational Intelligence},
%   volume    = {9},
%   year      = {1993},
%   pages     = {268-299}
% }

% @inproceedings{cp1997,
%   author    = {Ian P. Gent and
%               Ewan MacIntyre and
%               Patrick Prosser and
%               Toby Walsh},
%   title     = {The Constrainedness of Arc Consistency},
%   booktitle = {CP},
%   year      = {1997},
%   pages     = {327-340}
% }

% @article{jair1993,
%   author    = {Matthew L. Ginsberg},
%   title     = {Dynamic Backtracking},
%   journal   = {Journal of Artificial Intelligence Research},
%   volume    = {1},
%   year      = {1993},
%   pages     = {25-46}
% }

% @article{Konc_Janezic_2007,
% title={An improved branch and bound algorithm for the maximum clique problem}, 
% volume={58}, 
% journal={MATCH Communications in Mathematical and Computer Chemistry}, 
% author={Janez Konc and Du\u{s}anka Jane\u{z}i\u{c}}, 
% year={2007}, 
% pages={569--590}}

% @INPROCEEDINGS{aaai2010,
% AUTHOR = "Chu Min Li and Zhe Quan",
% TITLE = "An Efficient Branch-and-Bound Algorithm Based on MaxSAT for the Maximum Clique Problem.",
% booktitle = "AAAI'10",
% pages = {128-133},
% YEAR = {2010}  }

% @INPROCEEDINGS{tai2010,
% AUTHOR = "Chu Min Li and Zhe Quan",
% TITLE = "Combining Graph Structure Exploitation and Propositional Reasoning for the Maximum Clique Problem",
% booktitle = "Tools With Artificial Intelligence",
% pages = {344-351},
% YEAR = {2010}  }

% @inproceedings{tomita2003,
% author = {E. Tomita and Y. Sutani and T. Higashi and S. Takahashi and M. Wakatsuki},
% title = {An Efficient Branch-and-Bound Algorithm for Finding a Maximum Clique},
% booktitle = {DMTC 2003, LNCS 2731},
% pages = "278-289", 
% year = 2003}

% @inproceedings{eppstein2011,
% author = {David Eppstein and Darren Strash},
% title = {Listing All Maximal Cliques in Large Sparse Real-World Graphs},
% booktitle = {Experimental Algorithms, LNCS 6630},
% pages = "364-375", 
% year = 2011}

% @article{maffray1999,
% title={{Sequential colorings and perfect graphs}}, 
% volume={94}, 
% journal={Discrete Applied Mathematics}, 
% author={Fr\'{e}d\'{e}ric Maffray and Myriam Preissmann},
% year={1998}, 
% pages={287--296}}

% @book{cadenhead,
% author = {Rogers Cadenhead},
% title = {{Sams Teach Yourself Java in 24 Hours, edition 6}},
% publisher = {Sams},
% year = 2011}

% @article{qsort,
% author = {Jon L. Bentley and M. Douglas McIlroy},
% title = {{Engineering a Sort Function}},
% journal = {Software-Practice and Experience}, 
% volume = 23,
% number = 11,
% pages = {1249-1265},
% year = 1993}

% @article{sparseSet,
% title= {{An Efficient Representation for Sparse Sets}},
% author = {Preston Briggs and Linda Torczon},
% journal = {ACM Letters on Programming Languages and Systems},
% volume = 2,
% number = "1-4",
% pages = {59-69},
% year = 1993}

% @book{dek,
% author = {Donald E. Knuth},
% title = {The Art of Computer Programming, Volume 4, Fascicle 3: Generating all Combinations and Permutations},
% publisher = {Addison-Wesley},
% year = 2010}

% @article{carmoZuge,
%   author    = {Renato Carmo and
%               Alexandre P. Z{\"u}ge},
%   title     = {Branch and bound algorithms for the maximum clique problem
%               under a unified framework},
%   journal   = {J. Braz. Comp. Soc.},
%   volume    = {18},
%   number    = {2},
%   year      = {2012},
%   pages     = {137-151},
%   ee        = {http://dx.doi.org/10.1007/s13173-011-0050-6},
%   bibsource = {DBLP, http://dblp.uni-trier.de}
% }

% @article{smallWorld,
%   author    = {Duncan J. Watts and Steven H. Strogatz},
%   title     = {Collective dynamics of small world networks},
%   journal   = {Nature},
%   volume    = {394},
%   year      = {1998},
%   pages     = {440-442}
% }

% @article{akk73,
%   author    = {E.A. Akkoyunlu},
%   title     = {The enumeration of maximal cliques of large graphs},
%   journal   = {SIAM Journal of Computing},
%   volume    = {2},
%   number    = 1,
%   year      = {1973},
%   pages     = {1-6}
% }
% @inproceedings{segundoT10,
%   author    = {Pablo San Segundo and
%               Crist{\'o}bal Tapia},
%   title     = {A New Implicit Branching Strategy for Exact Maximum Clique},
%   booktitle = {ICTAI (1)},
%   year      = {2010},
%   pages     = {352-357}
% }

% @article{sewell98,
%   author    = {E. C. Sewell},
%   title     = {A Branch and Bound Algorithm for the Stability Number of
%               a Sparse Graph},
%   journal   = {INFORMS Journal on Computing},
%   volume    = {10},
%   number    = {4},
%   year      = {1998},
%   pages     = {438-447}
% }





